@book{lamport1994latex,
  title={LaTeX: A Document Preparation System},
  author={Lamport, Leslie},
  year={1994},
  publisher={Addison-Wesley}
}

@article{knuth1984texbook,
  title={The TeXbook},
  author={Knuth, Donald E},
  journal={Computers \& Mathematics with Applications},
  volume={8},
  number={1},
  pages={2--4},
  year={1984},
  publisher={Pergamon}
}
